%% This BibTeX bibliography file was created using BibDesk.
%% http://www.cs.ucsd.edu/~mmccrack/bibdesk.html


%% Created for neil at 2002-12-09 14:04:13 +1300 


@techreport{transyt,
  title={TRANSYT: a traffic network study tool},
  author={Robertson, D. I.},
  institution={Transport Road Research Laboratory},
  year={1969},
  note={LR 253}
}

@article{bell1992future,
  title={Future directions in traffic signal control},
  author={Bell, Michael GH},
  journal={Transportation Research Part A: Policy and Practice},
  volume={26},
  number={4},
  pages={303--313},
  year={1992},
  publisher={Elsevier}
}

@inproceedings{adaptive2007grad,
    title={Adaptive traffic lights using car-to-car communication},
      author={Gradinescu, Victor and Gorgorin, Cristian and Diaconescu, Raluca and Cristea, Valentin and Iftode, Liviu},
        booktitle={Vehicular Technology Conference, 2007. VTC2007-Spring. IEEE 65th},
          pages={21--25},
            year={2007},
              organization={IEEE}
}

@inproceedings{yang2004vehicle,
    title={A vehicle-to-vehicle communication protocol for cooperative collision warning},
      author={Yang, Xue and Liu, L and Vaidya, Nitin H and Zhao, F},
        booktitle={Mobile and Ubiquitous Systems: Networking and Services, 2004. MOBIQUITOUS 2004. The First Annual International Conference on},
          pages={114--123},
            year={2004},
              organization={IEEE}
}

@article{nadeem2004trafficview,
    title={TrafficView: traffic data dissemination using car-to-car communication},
      author={Nadeem, Tamer and Dashtinezhad, Sasan and Liao, Chunyuan and Iftode, Liviu},
        journal={ACM SIGMOBILE Mobile Computing and Communications Review},
          volume={8},
            number={3},
              pages={6--19},
                year={2004},
                  publisher={ACM}
}

@inproceedings{van2008movement,
    title={Movement-Based Look-Ahead Traffic-Adaptive Intersection Control},
      author={van Katwijk, RT and De Schutter, B and Hellendoorn, J},
        booktitle={Proc. of the International Conference on Control 2008},
          year={2008}
}

@inproceedings{scatstraining,
      author  = "Thomson, R and Moriarty, R",
          title   = "Traffic Signal Design",
              institution = "RHMK2 Ltd.",
                  publisher = "Presented at New Zealand Transport Agency SCATS Operator Training Course, Wellington Traffic Control Centre, Johsonville, Wellington",
                      year    = 2013
}

@techreport{sidraglossary,
  title={Glossary of Road Traffic Analysis Terms},
  author={Akcelik, R},
  institution={Akcelik \& Associates Pty Ltd},
  year={2004}
}

@article{wolshon1999scats,
    title={Analysis of intersection delay under real-time adaptive signal control},
      author={Wolshon, Brian and Taylor, William C},
        journal={Transportation Research Part C: Emerging Technologies},
          volume={7},
            number={1},
              pages={53--72},
                year={1999},
                  publisher={Elsevier}
}

@book{kesting2013traffic,
    title={Traffic Flow Dynamics},
      author={Treiber, Martin and Kesting, Arne},
        year={2013},
          publisher={Springer}
}

@article{euro2011whitepaper,
    title={WHITE PAPER: Roadmap to a Single European Transport Area--Towards a competitive and resource efficient transport system},
      author={{European Commission}},
        journal={COM (2011)},
          volume={144},
            year={2011}
}

@inproceedings{akcelik1998evaluation,
    title={An evaluation of SCATS Master Isolated control},
      author={Akcelik, Rahmi and Besley, Mark and Chung, Edward},
        booktitle={Proceedings of the 19th ARRB Transport Research Conference (Transport 98)},
          pages={1--24},
            year={1998}
}

@article{robertson1991optimizing,
    title={Optimizing networks of traffic signals in real time-the SCOOT method},
      author={Robertson, Dennis I and Bretherton, R David},
        journal={Vehicular Technology, IEEE Transactions on},
          volume={40},
            number={1},
              pages={11--15},
                year={1991},
                  publisher={IEEE}
}

@inproceedings{trieber2008congestion,
    title={How much does traffic congestion increase fuel consumption and emissions? Applying a fuel consumption model to the NGSIM trajectory data},
      author={Treiber, Martin and Kesting, Arne and Thiemann, Christian},
        booktitle={87th Annual Meeting of the Transportation Research Board, Washington, DC},
          year={2008}
}

@inproceedings{akcelik2003fuel,
    title={Operating cost, fuel consumption, and emission models in aaSIDRA and aaMOTION},
      author={Akcelik, Rahmi and Besley, Mark},
        booktitle={25th Conference of Australian Institutes of Transport Research (CAITR 2003), University of South Australia, Adelaide, Australia},
          pages={3--5},
            year={2003}
}

@article{pandit2013adaptive,
    title={Adaptive Traffic Signal Control with Vehicular Ad hoc Networks (VANET)},
      author={Pandit, K and Ghosal, D and Zhang, M and Chuah, C},
        journal={Vehicular Technology, IEEE Transactions on},
          volume={40},
            number={1},
              pages={1459--1471},
                year={2013},
                  publisher={IEEE}
}

@article{webster1958,
    title={Traffic signal settings},
      author={Webster, FV},
        journal={Road Research Technical Paper},
          volume={39},
            year={1958}
}

@article{fielding1993hov,
    title={High Occupancy/Toll Lanes: Phasing in Conjestion Pricing a Lane at a Time},
      author={Fielding, Gordon and Klein, Daniel},
        journal={Reason Foundation, Policy Study},
          number={170},
            year={1993}
}

@book{nzta2010kt,
    title={Kilometres Travelled and Vehicle Occupancy in Urban Areas: Improving Evaluation and Monitoring},
      author={Sullivan, Charles and O'Fallon, Carolyn},
        institution={New Zealand Transport Agency},
          number={399},
            year={2010}
}

@article{courage1975consumption,
    title={Delay and fuel consumption at traffic signals},
      author={Courage, Kenneth G and Parapar, Servando M},
        journal={Traffic Engineering},
          volume={45},
            number={11},
              year={1975}
}

@inproceedings{kilby2010rta,
    title={RTA and NICTA: Innovating on Successful Traffic Management},
      author={Kilby, Philip and Johnson, Fraser},
        booktitle={17th ITS World Congress},
          year={2010}
}

@inproceedings{porche1996allonsd,
    title={A decentralized scheme for real-time optimization of traffic signals},
      author={Porche, Isaac and Sampath, Meera and Sengupta, R and Chen, Y-L and Lafortune, Stephane},
        booktitle={Control Applications, 1996., Proceedings of the 1996 IEEE International Conference on},
          pages={582--589},
            year={1996},
              organization={IEEE}
}

@article{dahlgren1999high,
    title={High Occupancy Vehicle/Toll Lanes: How Do They Operate and Where Do They Make Sense?},
      author={Dahlgren, Joy},
        journal={Working Papers, California Partners for Advanced Transit and Highways (PATH)},
          institution={Institute of Transportation Studies (UCB), UC Berkeley},
            year={1999}
}

@techreport{wallis2013costs,
  title={The costs of congestion reappraised},
  author={Wallis, IP and Lupton, DR},
  institution={New Zealand Transport Agency},
  number={489},
  year={2013}
}

@inproceedings{lowrie1982scats,
  title={The Sydney coordinated adaptive traffic system-principles, methodology, algorithms},
  author={Lowrie, PR},
  booktitle={International Conference on Road Traffic Signalling, 1982, London, United Kingdom},
  number={207},
  year={1982}
}

@inproceedings{opendrive,
    title={OpenDRIVE{\textregistered}--an open standard for the description of roads in driving simulations},
      author={Dupuis, M and Grezlikowski, H},
        booktitle={Proceedings of the Driving Simulation Conference},
          pages={25--36},
            year={2006}
}
